[gd_scene load_steps=5 format=2]

[ext_resource path="res://spaces/stages/scenery/Drip.gd" type="Script" id=1]
[ext_resource path="res://assets/sprites/Spritesheet3.png" type="Texture" id=2]

[sub_resource type="Animation" id=1]
resource_name = "Drip"
length = 0.2
step = 0.05
tracks/0/type = "value"
tracks/0/path = NodePath(".:frame")
tracks/0/interp = 1
tracks/0/loop_wrap = true
tracks/0/imported = false
tracks/0/enabled = true
tracks/0/keys = {
"times": PoolRealArray( 0, 0.05, 0.1, 0.15, 0.2 ),
"transitions": PoolRealArray( 1, 1, 1, 1, 1 ),
"update": 1,
"values": [ 0, 1, 2, 3, 0 ]
}

[sub_resource type="Animation" id=2]
resource_name = "Splash"
length = 0.2
step = 0.05
tracks/0/type = "value"
tracks/0/path = NodePath(".:frame")
tracks/0/interp = 1
tracks/0/loop_wrap = true
tracks/0/imported = false
tracks/0/enabled = true
tracks/0/keys = {
"times": PoolRealArray( 0, 0.05, 0.1, 0.15 ),
"transitions": PoolRealArray( 1, 1, 1, 1 ),
"update": 1,
"values": [ 5, 6, 7, 8 ]
}
tracks/1/type = "value"
tracks/1/path = NodePath(".:visible")
tracks/1/interp = 1
tracks/1/loop_wrap = true
tracks/1/imported = false
tracks/1/enabled = true
tracks/1/keys = {
"times": PoolRealArray( 0, 0.2 ),
"transitions": PoolRealArray( 1, 1 ),
"update": 1,
"values": [ true, false ]
}

[node name="Drip" type="Node2D"]
script = ExtResource( 1 )

[node name="DripSource" type="Sprite" parent="."]
texture = ExtResource( 2 )
hframes = 4
region_enabled = true
region_rect = Rect2( 16, 32, 64, 16 )

[node name="DripAnimation" type="AnimationPlayer" parent="DripSource"]
anims/Drip = SubResource( 1 )

[node name="Splash" type="Sprite" parent="."]
visible = false
texture = ExtResource( 2 )
vframes = 2
hframes = 7
frame = 5
region_enabled = true
region_rect = Rect2( 0, 32, 112, 32 )

[node name="SplashAnimation" type="AnimationPlayer" parent="Splash"]
anims/Splash = SubResource( 2 )

[node name="Drop" type="KinematicBody2D" parent="."]
visible = false
position = Vector2( 0, -6 )

[node name="Sprite" type="Sprite" parent="Drop"]
position = Vector2( 1, 1 )
texture = ExtResource( 2 )
region_enabled = true
region_rect = Rect2( 72, 34, 1, 1 )

[node name="Timer" type="Timer" parent="."]
one_shot = true
autostart = true
[connection signal="animation_finished" from="DripSource/DripAnimation" to="." method="on_drip_finished"]
[connection signal="timeout" from="Timer" to="." method="_on_Timer_timeout"]
