[gd_scene load_steps=18 format=2]

[ext_resource path="res://actors/base_actor.tscn" type="PackedScene" id=1]
[ext_resource path="res://actors/components/walking_sprite.tscn" type="PackedScene" id=2]
[ext_resource path="res://actors/monsters/crawler/spriteframes.tres" type="SpriteFrames" id=3]
[ext_resource path="res://actors/components/walker.tscn" type="PackedScene" id=4]
[ext_resource path="res://actors/components/gravity.tscn" type="PackedScene" id=5]
[ext_resource path="res://actors/components/patrol.tscn" type="PackedScene" id=6]
[ext_resource path="res://actors/components/transportable.tscn" type="PackedScene" id=7]
[ext_resource path="res://actors/components/smashable/smashable.tscn" type="PackedScene" id=8]
[ext_resource path="res://actors/components/harm.tscn" type="PackedScene" id=9]
[ext_resource path="res://actors/components/heavy/heavy.tscn" type="PackedScene" id=10]
[ext_resource path="res://actors/components/killable/killable.tscn" type="PackedScene" id=11]
[ext_resource path="res://actors/monsters/crawler/death_particles_1.tscn" type="PackedScene" id=12]
[ext_resource path="res://actors/monsters/crawler/death_particles_2.tscn" type="PackedScene" id=13]
[ext_resource path="res://assets/sfx/nothingdeathsfx.wav" type="AudioStream" id=14]

[sub_resource type="RectangleShape2D" id=1]
extents = Vector2( 5.79487, 6 )

[sub_resource type="RectangleShape2D" id=2]
extents = Vector2( 5.41873, 1.33148 )

[sub_resource type="RectangleShape2D" id=3]
extents = Vector2( 6.43967, 6.53733 )

[node name="Crawler" instance=ExtResource( 1 )]
collision_layer = 16
collision_mask = 326

[node name="WalkingSprite" parent="." index="0" instance=ExtResource( 2 )]
frames = ExtResource( 3 )

[node name="Walker" parent="." index="1" instance=ExtResource( 4 )]
max_horizontal_speed = 16.0
horizontal_acceleration = 50.0
friction = 100.0
controller_path = NodePath("../Patrol")

[node name="CollisionShape2D" type="CollisionShape2D" parent="." index="2"]
position = Vector2( 0.429867, 1.66574 )
shape = SubResource( 1 )

[node name="gravity" parent="." index="3" instance=ExtResource( 5 )]
gravity = 500.0
max_vertical_speed = 243.0

[node name="Patrol" parent="." index="4" instance=ExtResource( 6 )]
patrol_duration = 4.0
wait_duration = 1.0

[node name="transportable" parent="." index="5" instance=ExtResource( 7 )]

[node name="Smashable" parent="." index="6" instance=ExtResource( 8 )]
position = Vector2( 0.501377, -6.83104 )
collision_layer = 0
collision_mask = 20

[node name="CollisionShape2D" type="CollisionShape2D" parent="Smashable" index="0"]
shape = SubResource( 2 )

[node name="Harm" parent="." index="7" instance=ExtResource( 9 )]
position = Vector2( 0.483601, 1.55827 )
collision_layer = 0

[node name="CollisionShape2D" type="CollisionShape2D" parent="Harm" index="0"]
shape = SubResource( 3 )

[node name="Heavy" parent="." index="8" instance=ExtResource( 10 )]

[node name="killable" parent="." index="9" instance=ExtResource( 11 )]
death_particles = [ ExtResource( 12 ), ExtResource( 13 ) ]
death_sfx = ExtResource( 14 )
[connection signal="smashed" from="Smashable" to="killable" method="kill"]
